@book{MonRos,
	author    = "Sebastián Montiel y Antonio Ros",
	title     = "Curves and Surfaces",
	year      = "2005",
	publisher = "Graduate Studies in Mathematics",
}

@book{Shirley,
	author    = "Peter Shirley",
	title     = "Realistic Ray Tracing",
	year      = "1874",
	publisher = "A K Peters/CRC Press",
}

@book{Atkinson,
	author    = "Kendall E. Atkinson",
	title     = "An Introduction to Numerical Analysis",
	year      = "1989",
	publisher = "Wiley",
}

@article{Blinn,
    author =       "James F. Blinn",
    title =        "A Generalization of Algebraic Surface Drawing"
    publisher =    "Jet Propulsion Laboratory",
    year =         "1982",
}

@book{Press,
	author    = "W. H. Press and company",
	title     = "Numerical Recipes in C++: The Art of Scientific Computing",
	year      = "2002",
	publisher = "Cambridge University Press",
}

@article{cesarR,
    author =       "Cesar Rosales",
    title =        "Apuntes Cesar Rosales de Curvas y Superficies; Curso : 17-2018"
    publisher =    "",
    year =         "?",
}

@article{RonGoldman,
	author =       "Ron Goldman",
	title =        "Curvature formulas for implicit curves and surfaces"
	publisher =    "Computer Aided Geometric Design",
	year =         "2005",
}

@online{ref1,
	title = {Geometría diferencial de curvas y superficies en el espacio euclídeo},
	year = 2010,
	url = {www.mat.ucm.es/~jlafuent/Docencia/cys/cyslc.pdf},
	urldate = {08-10-2018}
}









@online{ref2,
	title = {Online dependence not found in .ivy2 file and not found by Intellij Idea},
	year = 2017,
	url = {https://stackoverflow.com/questions/45463978/online-dependence-not-found-in-ivy2-file-and-not-found-by-intellij-idea},
	urldate = {2017-04-08}
}

@online{ref3,
	title = {Problems with SBT dependencies in Intellij Idea},
	year = 2017,
	url = {https://stackoverflow.com/questions/45471836/problems-with-sbt-dependencies-in-intellij-idea},
	urldate = {2017-04-08}
}

@online{ref4,
	title = {NoClassDefFoundError using sbt for builds and imports in Intellij Idea},
	year = 2017,
	url = {https://stackoverflow.com/questions/45486294/noclassdeffounderror-using-sbt-for-builds-and-imports-in-intellij-idea},
	urldate = {2017-08-4}
}

@online{ref5,
	title = {Integrating Intellij Idea and SBT },
	year = 2017,
	url = {https://intellij-support.jetbrains.com/hc/en-us/community/posts/115000475984-Integrating-Intellij-Idea-and-SBT},
	urldate = {2017-08-4}
}

@online{ref6,
	title = {Integrating Intellij Idea and SBT II },
	year = 2017,
	url = {https://intellij-support.jetbrains.com/hc/en-us/community/posts/115000493770-Integrating-Intellij-Idea-and-SBT-II?page=1#community_comment_115000407610},
	urldate = {2017-04-08}
}

@article{kuncak,
	author =       "Andrew Reynolds and Viktor Kuncak",
	title =        "Automating induction with an SMT solver"
	publisher =    "EPFL",
	year =         "2015",
}

@online{project,
	title = { Automatic theorem proving tools for Welder.},
	year = 2017,
	url = {https://github.com/rjraya/WelderToolbox},
	urldate = {2017-01-09}
}

@online{haskell1,
	title = {The term-rewriting package},
	year = 2017,
	url = {https://hackage.haskell.org/package/term-rewriting},
	urldate = {2017-01-09}
}

@article{haskell2,
	author =       "Bertram Felgenhauer et alii.",
	title =        "A Haskell Library for Term Rewriting"
	publisher =    "1st International Workshop on Haskell And Rewriting Techniques",
	year =         "2013",
}